@inproceedings{schmidt2017,
  author    = {Schmidt, Benjamin},
  title     = {Stable Random Projection: Standardized universal dimensionality reduction
               for library-scale data},
  booktitle = {Digital Humanities 2017. Conference Abstracts},
  editor    = {Rhian Lewis and Cecily Raynor and Dominic Forest and
               Michael Sinatra and Stéfan Sinclair},
  year      = {2017},
  note      = {\url{https://dh2017.adho.org/abstracts/497/497.pdf}},
  url       = {https://dh2017.adho.org/abstracts/497/497.pdf},
  pages     = {340-342}
}

@incollection{bruce-hillmann2004,
  author    = {Bruce, Thomas R. and Hillmann, Diane I.},
  title     = {The Continuum of Metadata Quality: Defining, Expressing, Exploiting},
  isbn      = {0-8389-0882-9},
  note      = {\url{http://ecommons.cornell.edu/handle/1813/7895}},
  url       = {http://ecommons.cornell.edu/handle/1813/7895},
  booktitle = {Metadata in Practice},
  publisher = {{ALA} Editions},
  editor    = {Hillman, D. and Westbrooks, E.},
  pages     = {238--256},
  location  = {Chicago, {IL}},
  year      = {2004}
}

@article{harper2016,
  author  = {Harper, Corey},
  title   = {Metadata Analytics, Visualization, and Optimization: Experiments in
             statistical analysis of the Digital Public Library of America ({DPLA})},
  issn    = {1940-5758},
  note    = {\url{http://journal.code4lib.org/articles/11752}},
  url     = {http://journal.code4lib.org/articles/11752},
  number  = {33},
  journal = {The Code4Lib Journal},
  year    = {2016}
}

@article{ochoa-duval2009,
  author  = {Ochoa, Xavier and Duval, Erik},
  title   = {Automatic evaluation of metadata quality in digital repositories},
  volume  = {10},
  issn    = {1432-5012},
  doi     = {10.1007/s00799-009-0054-4},
  pages   = {67--91},
  number  = {2-3},
  journal = {International Journal on Digital Libraries},
  year    = {2009},
  note    = {\url{http://doi.org/10.1007/s00799-009-0054-4}},
  doi     = {http://doi.org/10.1007/s00799-009-0054-4},
}

@phdthesis{palavitsinis2014,
  author     = {Palavitsinis, Nikos},
  title      = {Metadata Quality Issues in Learning Repositories},
  url        = {https://www.researchgate.net/publication/260424499_Metadata-_Quality_Issues_in_Learning_Repositories},
  shorttitle = {Metadata Quality Issues in Learning Repositories},
  pagetotal  = {296},
  school     = {Alcala de Henares},
  location   = {Spain},
  language   = {English},
  year       = {2014},
  month      = feb,
  note       = {\url{http://www.slideshare.net/nikospala/metadata-quality-issues-in-learning-repositories}},
  url        = {http://www.slideshare.net/nikospala/metadata-quality-issues-in-learning-repositories}
}

@inproceedings{stiller-kiraly2017,
  author     = {Stiller, Juliane and Király, Péter},
  title      = {Multilinguality of Metadata. Measuring the Multilingual Degree of 
                Europeana's Metadata},
  isbn       = {978-3-86488-117-6},
  note       = {\url{https://www.researchgate.net/publication/314879735_Multilinguality_of_Metadata_Measuring_the_Multilingual_Degree_of_Europeana's_Metadata}},
  url        = {https://www.researchgate.net/publication/314879735_Multilinguality_of_Metadata_Measuring_the_Multilingual_Degree_of_Europeana's_Metadata},
  series     = {Schriften zur Informationswissenschaft},
  eventtitle = {15th International Symposium of Information Science ({ISI} 2017)},
  pages      = {164--176},
  booktitle  = {Everything Changes, Everything Stays the Same? Understanding Information
                Spaces. Proceedings  of the 15th International Symposium of Information
                Science ({ISI} 2017)},
  publisher  = {Verlag Werner Hülsbusch},
  editor     = {Gäde, Maria and Trkulja, Violeta and Petras, Vivien},
  location   = {Glückstadt, Germany},
  year       = {2017},
  keywords   = {big data, digital libraries, Europeana, evaluation, measurement, Metadata quality, multilinguality}
}

@article{stvilia2007,
  author  = {Stvilia, Besiki and Gasser, Les and Twidale, Michael B. and Smith, Linda C.},
  title   = {A framework for information quality assessment},
  journal = {Journal of the American Society for Information Science and Technology},
  volume  = {58},
  issn    = {1532-2890},
  note    = {\url{http://onlinelibrary.wiley.com/doi/10.1002/asi.20652/full}},
  url     = {http://onlinelibrary.wiley.com/doi/10.1002/asi.20652/full},
  doi     = {10.1002/asi.20652},
  pages   = {1720--1733},
  number  = {12},
  year    = {2007}
}

@article{zaveri2015,
  author   = {Zaveri, Amrapali and Rula, Anisa and Maurino, Andrea and Pietrobon, Ricardo
              and Lehmann, Jens and Auer, Sören},
  title    = {Quality assessment for Linked Data: A Survey},
  journal  = {Semantic Web},
  year     = {2015},
  volume   = {7},
  number   = {1},
  pages    = {63--93},
  issn     = {2210-4968},
  language = {English},
  note     = {\url{http://content.iospress.com/articles/semantic-web/sw175}},
  url      = {http://content.iospress.com/articles/semantic-web/sw175},
  doi      = {10.3233/SW-150175}
}

@article{strezoski2017,
  author        = {Gjorgji Strezoski and Marcel Worring},
  title         = {OmniArt: Multi-task Deep Learning for Artistic Data Analysis},
  journal       = {CoRR},
  volume        = {abs/1708.00684},
  year          = {2017},
  note          = {\url{http://arxiv.org/abs/1708.00684}},
  url           = {http://arxiv.org/abs/1708.00684},
  archivePrefix = {arXiv},
  eprint        = {1708.00684},
  timestamp     = {Mon, 13 Aug 2018 16:49:09 +0200},
  biburl        = {https://dblp.org/rec/bib/journals/corr/abs-1708-00684},
  bibsource     = {dblp computer science bibliography, https://dblp.org}
}

@book{james2013,
  author    = {Gareth James and Daniela Witten and Trevor Hastie and Robert Tibshirani},
  title     = {An Introduction to Statistical Learning},
  doi       = {10.1007/978-1-4614-7138-7},
  note      = {\url{https://doi.org/10.1007/978-1-4614-7138-7}},
  url       = {https://doi.org/10.1007/978-1-4614-7138-7},
  year      = {2013},
  publisher = {Springer New York}
}

@inproceedings{kiraly2017,
  author    = {Király, Péter},
  title     = {Towards an extensible measurement of metadata quality},
  doi       = {10.1145/3078081.3078109},
  note      = {\url{https://doi.org/10.1145/3078081.3078109}},
  url       = {https://doi.org/10.1145/3078081.3078109},
  pages     = {111--115},
  year      = {2017},
  publisher = {{ACM} Press},
  booktitle = {Proceedings of the 2nd International Conference on Digital Access
               to Textual Cultural Heritage - {DATeCH}2017}
}

@techreport{knublauch2017,
  author      = {Knublauch, Holger and Kontokostas, Dimitris},
  title       = {Shapes Constraint Language ({SHACL})},
  month       = {jul},
  note        = {\url{https://www.w3.org/TR/2017/REC-shacl-20170720/}},
  url         = {https://www.w3.org/TR/2017/REC-shacl-20170720/},
  year        = {2017},
  type        = {{W3C} Recommendation},
  institution = {W3C}
}

@manual{albertoni-isaac2016,
  editor      = {Albertoni, Riccardo and Isaac, Antoine},
  title       = {Data on the Web Best Practices Data Quality Vocabulary},
  month       = {dec},
  note        = {\url{https://www.w3.org/TR/2016/NOTE-vocab-dqv-20161215/}},
  url         = {https://www.w3.org/TR/2016/NOTE-vocab-dqv-20161215/},
  year        = {2016},
  type        = {{W3C} Note},
  organization = {W3C}
}

@techreport{dangerfield2015,
  author      = {Dangerfield, M-C. and others},
  title       = {Report and Recommendations from the Task Force on Metadata Quality.},
  note        = {\url{https://pro.europeana.eu/files/Europeana_Professional/Publications/Metadata%20Quality%20Report.pdf}},
  url         = {https://pro.europeana.eu/files/Europeana_Professional/Publications/Metadata%20Quality%20Report.pdf},
  year        = {2016},
  institution = {Europeana}
}

@mastersthesis{al-gumaei2016,
  author   = {Al-Gumaei, K.},
  title    = {Scalable Measurement of the Information Content of the Metadata Instances Using
              Big Data Framework Europeana Metadata as Case Study (Master's Thesis)},
  school   = {Georg-August-Universität Göttingen},
  location = {Germany},
  year     = {2016},
}

@inproceedings{charles2017,
  author    = {Charles, Valentine and Stiller, Juliane and Bailer, Werner and
               Freire, Nuno and Péter Király},
  title     = {Evaluating Data Quality in Europeana: Metrics for Multilinguality},
  note      = {\url{http://ceur-ws.org/Vol-2038/paper6.pdf}},
  url       = {http://ceur-ws.org/Vol-2038/paper6.pdf},
  year      = {2017},
  booktitle = {Joint Proceedings of the 1st Workshop on Temporal Dynamics in
               Digital Libraries (TDDL 2017), the (Meta)-Data Quality Workshop
               (MDQual 2017) and the Workshop on Modeling Societal Future
               (Futurity 2017) (TDDL\_MDQual\_Futurity 2017) co-located with 21st
               International Conference on Theory and Practice of Digital Libraries
               (TPLD 2017), Grand Hotel Palace, Thessaloniki, Greece, 21 September 2017},
  publisher = {CEUR},
  editor    = {Annalina Caputo and
               Nattiya Kanhabua and
               Pierpaolo Basile and
               S\'{e}amus Lawless and
               Dimitris Gavrilis and
               Christos Papatheodorou and
               G\^{i}fu and
               Diana Trandabat},
}

@inproceedings{kiraly-et-al2018,
  author    = {Király, Péter and Stiller, Juliane and Charles, Valentine and Bailer, Werner and Freire, Nuno},
  title     = {Evaluating Data Quality in Europeana: Metrics for Multilinguality},
  booktitle = {Metadata and Semantic Research. Proceedings of the 12th Metadata and Semantic Research Conference - {MTSR}2018},
  editor    = {Garoufallou, Emmanouel and Sartori, Fabio and Siatri, Rania and Zervas, Marios},
  series    = {Communications in Computer and Information Science},
  volume    = {846},
  year      = {2019},
  publisher = {Springer International Publishing},
  address   = {Cham},
  pages     = {199--211},
  isbn      = {978-3-030-14401-2},
  doi       = {10.1007/978-3-030-14401-2_19},
  note      = {\url{http://doi.org/10.1007/978-3-030-14401-2_19}},
  url       = {http://doi.org/10.1007/978-3-030-14401-2_19}
}

@techreport{hill-manguinhas2016,
  author      = {Hill, Timothy and Manguinhas, Hugo},
  title       = {Internal DQC Problem Patterns},
  note        = {\url{http://bit.ly/2jIXQGU}},
  url         = {http://bit.ly/2jIXQGU},
  year        = {2016},
  institution = {Europeana}
}

@techreport{hill-charles-isaac2015,
  author      = {Hill, Timothy and Charles, Valentine and Isaac, Antoine},
  title       = {Discovery - User scenarios and their metadata requirements - v.3},
  note        = {\url{https://pro.europeana.eu/files/Europeana_Professional/EuropeanaTech/EuropeanaTech_WG/DataQualityCommittee/DQC_DiscoveryUserScenarios_v3.pdf}},
  url         = {https://pro.europeana.eu/files/Europeana_Professional/EuropeanaTech/EuropeanaTech_WG/DataQualityCommittee/DQC_DiscoveryUserScenarios_v3.pdf},
  year        = {2016},
  institution = {Europeana}
}

@misc{kiraly2015b,
  author = {Király, Péter},
  title  = {How to run the analysis? A cheat sheet},
  note   = {\url{http://pkiraly.github.io/cheatsheet/}},
  url    = {http://pkiraly.github.io/cheatsheet/},
  year   = {2015}
}

@inproceedings{newman2007,
  author    = {Newman, David and Hagedorn, Kat and Chemudugunta, Chaitanya and Smyth, Padhraic},
  title     = {Subject Metadata Enrichment Using Statistical Topic Models},
  booktitle = {Proceedings of the 7th {ACM}/{IEEE}-{CS} Joint Conference on Digital Libraries},
  publisher = {{ACM}},
  location  = {New York, {NY}, {USA}},
  isbn      = {978-1-59593-644-8},
  note      = {\url{http://doi.acm.org/10.1145/1255175.1255248}},
  url       = {http://doi.acm.org/10.1145/1255175.1255248},
  doi       = {10.1145/1255175.1255248},
  series    = {{JCDL} '07},
  pages     = {366--375},
  year      = {2015}
}

@techreport{kiraly2015a,
  author = {Király, Péter},
  title  = {A Metadata Quality Assurance Framework},
  note   = {\url{https://pkiraly.github.io/metadata-quality-project-plan.pdf}},
  url    = {https://pkiraly.github.io/metadata-quality-project-plan.pdf},
  year   = {2015}
}

@inproceedings{bellini2013,
  author    = {Bellini, Emanuele and Nesi, Paolo},
  title     = {Metadata Quality Assessment Tool for {Open Access} Cultural Heritage Institutional Repositories},
  booktitle = {Information Technologies for Performing Arts, Media Access, and Entertainment},
  year      = {2013},
  pages     = {90--103},
  doi       = {10.1007/978-3-642-40050-6_9},
  note      = {\url{https://link.springer.com/chapter/10.1007%2F978-3-642-40050-6_9}},
  url       = {https://link.springer.com/chapter/10.1007%2F978-3-642-40050-6_9}
}

@techreport{droge2012,
  author      = {Dröge, Evelyn},
  title       = {Criteria for vocabulary evaluation and comparison},
  institution = {Humboldt-Universität zu Berlin},
  year        = {2012},
  note        = {\url{https://docs.google.com/document/d/1UWbbiolcwQouGZYEMTPYRkxLnEMBeoAnuLNH5HLll3g}},
  url         = {https://docs.google.com/document/d/1UWbbiolcwQouGZYEMTPYRkxLnEMBeoAnuLNH5HLll3g}
}

@book{iso25012,
  title     = {{ISO}/{IEC} 25012. {Software} engineering – {Software} product {Quality} {Requirements}
               and {Evaluation} ({SQuaRE}) – {Data} quality model},
  author    = {ISO},
  note      = {\url{https://www.iso.org/standard/35736.html}},
  url       = {https://www.iso.org/standard/35736.html},
  publisher = {International Organization for Standardization},
  year      = {2000}
}

@incollection{gavrilis2015,
  author     = {Gavrilis, Dimitris and Makri, Dimitra-Nefeli and
                Papachristopoulos, Leonidas and Angelis, Stavros and
                Kravvaritis, Konstantinos and Papatheodorou, Christos and
                Constantopoulos, Panos},
  title      = {Measuring Quality in Metadata Repositories},
  editor     = {Kapidakis, S. and Mazurek, C. and Werla, M.},
  booktitle  = {Proceedings from the 19th International Conference on Theory and Practice of Digital Libraries ({TPDL})},
  publisher  = {Springer International Publishing},
  eventtitle = {International Conference on Theory and Practice of Digital Libraries},
  location   = {Poznań, Poland},
  year       = {2015},
  doi        = {10.1007/978-3-319-24592-8_5},
  isbn       = {978-3-319-24592-8},
  pages      = {56--67},
  note       = {\url{https://link.springer.com/chapter/10.1007%2F978-3-319-24592-8_5}},
  url        = {https://link.springer.com/chapter/10.1007%2F978-3-319-24592-8_5}
}

@techreport{stiller2016,
  editor      = {Stiller, Juliane},
  title       = {White {Paper} on {Best} {Practices} for {Multilingual} {Access} to {Digital} {Libraries}.},
  note        = {\url{http://pro.europeana.eu/files/Europeana_Professional/Publications/BestPracticesForMultilingualAccess_whitepaper.pdf}},
  url         = {http://pro.europeana.eu/files/Europeana_Professional/Publications/BestPracticesForMultilingualAccess_whitepaper.pdf},
  institution = {Europeana},
  year        = {2016}
}

@article{guy2004,
  author  = {Guy, Marieke and Powell, Andy and Day, Michael},
  title   = {Improving the Quality of Metadata in {Eprint} Archives},
  issn    = {1361-3200},
  note    = {\url{http://www.ariadne.ac.uk/issue38/guy/}},
  url     = {http://www.ariadne.ac.uk/issue38/guy/},
  number  = {38},
  journal = {Ariadne},
  year    = {2004},
}

@inproceedings{shreeves2005,
  author  = {Shreeves, Sarah L. and Knutson, Ellen M. and Stvilia, Besiki and
             Palmer, Carole L. and Twidale, Michael B. and Cole, Timothy W.},
  title   = {Is “Quality” Metadata “Shareable” Metadata? The Implications of Local Metadata Practices for Federated Collections},
  booktitle = {Currents and Convergence: Navigating the Rivers of Change. Prodeedings of ACRL Twelfth National Conference.},
  year    = {2005},
  pages   = {223--237},
  address = {Minneapolis, Minnesota},
  note    = {\url{http://www.ala.org/acrl/sites/ala.org.acrl/files/content/conferences/pdf/shreeves05.pdf}},
  url     = {http://www.ala.org/acrl/sites/ala.org.acrl/files/content/conferences/pdf/shreeves05.pdf}
}

@article{park2009,
  author  = {Park, Jung-ran},
  title   = {Metadata Quality in Digital Repositories: A Survey of the Current State of the Art},
  journal = {Cataloging \& Classification Quarterly},
  volume  = {47},
  issn    = {0163-9374},
  doi     = {10.1080/01639370902737240},
  number  = {3-4},
  year    = {2009},
  pages   = {213--228},
  note    = {\url{https://www.tandfonline.com/doi/abs/10.1080/01639370902737240}},
  url     = {https://www.tandfonline.com/doi/abs/10.1080/01639370902737240}
}

@inproceedings{mader2012,
  author    = {Mader, Christian and Haslhofer, Bernhard and Isaac, Antoine},
  title     = {Finding quality issues in {SKOS} vocabularies},
  year      = {2012},
  pages     = {222--233},
  booktitle = {Proc. Intl. Conf. on Theory and Practice of Digital Libraries},
  editor    = {Zaphiris, Panayiotis and Buchanan, George and Rasmussen, Edie and Loizides, Fernando},
  year      = "2012",
  publisher = "Springer Berlin Heidelberg",
  address   = "Berlin, Heidelberg",
  isbn      = "978-3-642-33290-6",
  doi       = {10.1007/978-3-642-33290-6_25},
  note      = {\url{https://link.springer.com/chapter/10.1007/978-3-642-33290-6_25}},
  url       = {https://link.springer.com/chapter/10.1007/978-3-642-33290-6_25}
}

@article{debattista2014,
  author  = {Debattista, Jeremy and Londoño, Santiago and Lange, Christoph and Auer, Sören},
  title   = {{LUZZU} - A Framework for Linked Data Quality Assessment},
  volume  = {abs/1412.3750},
  note    = {\url{http://arxiv.org/abs/1412.3750}},
  url     = {http://arxiv.org/abs/1412.3750},
  journal = {CoRR},
  year    = {2014}
}

@article{debattista2016,
 author    = {Debattista, Jeremy and Auer, Sören and Lange, Christoph},
 title     = {Luzzu - A Methodology and Framework for Linked Data Quality Assessment},
 journal   = {Journal of Data and Information Quality},
 issue_date = {November 2016},
 volume    = {8},
 number    = {1},
 month     = oct,
 year      = {2016},
 issn      = {1936-1955},
 pages     = {4:1--4:32},
 articleno = {4},
 numpages  = {32},
 note      = {\url{http://doi.acm.org/10.1145/2992786}},
 url       = {http://doi.acm.org/10.1145/2992786},
 doi       = {10.1145/2992786},
 acmid     = {2992786},
 publisher = {ACM},
 address   = {New York, NY, USA},
} 

@book{frbr1998,
  author  = {IFLA},
  title   = {Functional requirements for Bibliographic records: final report / 
             {IFLA} Study Group on the Functional Requirements for Bibliographic Records},
  address = {München},
  series  = {{UBCIM} publications ; new series},
  number  = {vol. 19},
  publisher = {K.G. Saur},
  year    = {1998}
}

@techreport{delsey2003,
  author = {Tom Delsey},
  title  = {Functional Analysis of the MARC 21 Bibliographic and Holdings Formats},
  year   = {2002},
  note   = {Prepared for the Network Development and MARC Standards Office Library of Congress. Second Revision: September 17, 2003.},
  institution = {Library of Congress}
}

@techreport{loc2006,
  author = {{Network Development {and} MARC Standards Office. Library {of} Congress}},
  title  = {Functional Analysis of the MARC 21 Bibliographic and Holdings Formats},
  year   = {2006},
  note   = {Updated and Revised version. April 6, 2006. \url{https://www.loc.gov/marc/marc-functional-analysis/functional-analysis.html}},
  url    = {https://www.loc.gov/marc/marc-functional-analysis/functional-analysis.html},
  institution = {Library of Congress}
}

@techreport{isaac2013,
  author = {Isaac, Antoine},
  title  = {Europeana Data Model Primer},
  year   = {2013},
  institution = {Europeana Foundation},
  note   = {\url{https://pro.europeana.eu/files/Europeana_Professional/Share_your_data/Technical_requirements/EDM_Documentation/EDM_Primer_130714.pdf}},
  url    = {https://pro.europeana.eu/files/Europeana_Professional/Share_your_data/Technical_requirements/EDM_Documentation/EDM_Primer_130714.pdf}
}

@misc{vogias2013,
  author = {Vogias, Kostas and Hatzakis, Ilias and Manouselis, Nikos and Szegedi, Peter},
  title  = {Extraction and Visualization of Metadata Analytics for Multimedia Learning Object Repositories: 
            The case of {TERENA} {TF}-media network},
  year   = {2013},
  note   = {\url{https://www.terena.org/mail-archives/tf-media/pdf547CE3lKFt.pdf}},
  url    = {https://www.terena.org/mail-archives/tf-media/pdf547CE3lKFt.pdf}
}

@article{ellefi2017,
  author  = {Ellefi, Mohamed Ben and Bellahsene, Zohra and Breslin, John and
             Demidova, Elena and Dietze, Stefan and Szymanski, Julian and
             Todorov, Konstantin},
  title   = {{RDF} dataset profiling. A survey of features, methods, vocabularies and applications},
  journal = {Semantic Web},
  note    = {\url{http://www.semantic-web-journal.net/content/rdf-dataset-profiling-survey-features-methods-vocabularies-and-applications}},
  url     = {http://www.semantic-web-journal.net/content/rdf-dataset-profiling-survey-features-methods-vocabularies-and-applications},
  year    = {2017}
}

@article{radulovic2017,
  author    = {Radulovic, Filip and Mihindukulasooriya, Nandana and García-Castro, Raúl and Gómez-Pérez, Asunción},
  title     = {A comprehensive quality model for linked data},
  journal   = {Semantic Web},
  number    = {Preprint},
  pages     = {1--22},
  year      = {2017},
  publisher = {IOS Press},
  doi       = {10.3233/SW-170267},
  note      = {\url{http://www.semantic-web-journal.net/system/files/swj1247.pdf}},
  url       = {http://www.semantic-web-journal.net/system/files/swj1247.pdf}
}

@inproceedings{albertoni2015,
  title     = {A Linkset Quality Metric Measuring Multilingual Gain in SKOS Thesauri.},
  author    = {Albertoni, Riccardo and De Martino, Monica and Podesta, Paola},
  booktitle = {Proceedings of the 2nd Workshop on Linked Data Quality 
               co-located with 12th Extended Semantic Web Conference (ESWC 2015)},
  note      = {\url{http://ceur-ws.org/Vol-1376/LDQ2015_paper_01.pdf}},
  url       = {http://ceur-ws.org/Vol-1376/LDQ2015_paper_01.pdf},
  series    = {CEUR Workshop Proceedings},
  editor    = {Anisa Rula and Amrapali Zaveri and Magnus Knuth and Dimitris Kontokostas},
  issn      = {1613-0073},
  year      = {2015}
}

@article{hammwohner2007,
  author    = {Hammwöhner, Rainer},
  title     = {Interlingual aspects of Wikipedia's quality},
  booktitle = {International Conference on Information Quality},
  year      = {2007},
  note      = {\url{https://epub.uni-regensburg.de/15572/}},
  url       = {https://epub.uni-regensburg.de/15572/}
}

@report{stiller2017,
  author      = {Stiller, Juliane and Manguinhas, Hugo and Freire, Nuno and Hill, Timothy and Isaac, Antoine},
  title       = {D6.5: Report on quality metrics and improvements of multilinguality in Europeana},
  note        = {\url{https://pro.europeana.eu/files/Europeana_Professional/Projects/Project_list/Europeana_DSI-2/Deliverables/d6.5-report-on-quality-metrics-and-improvement-of-multilinguality-in-europeana.pdf}},
  url         = {https://pro.europeana.eu/files/Europeana_Professional/Projects/Project_list/Europeana_DSI-2/Deliverables/d6.5-report-on-quality-metrics-and-improvement-of-multilinguality-in-europeana.pdf},
  institution = {Europeana {DSI}-2},
  year        = {2017}
}

@article{wilkinson2016,
  author    = {Wilkinson, Mark D and Dumontier, Michel and Aalbersberg, IJsbrand Jan and
               Appleton, Gabrielle and Axton, Myles and Baak, Arie and Blomberg, Niklas and
               Boiten, Jan-Willem and da Silva Santos, Luiz Bonino and Bourne, Philip E and others},
  title     = {The FAIR Guiding Principles for scientific data management and stewardship},
  journal   = {Scientific data},
  volume    = {3},
  year      = {2016},
  note      = {\url{https://www.nature.com/articles/sdata201618}},
  url       = {https://www.nature.com/articles/sdata201618},
  publisher = {Nature Publishing Group}
}

@article{wilkinson2018,
  author    = {Wilkinson, Mark D. and Sansone, Susanna-Assunta and Schultes, Erik and
               Doorn, Peter and Bonino da Silva Santos, Luiz Olavo and Dumontier, Michel},
  title     = {A design framework and exemplar metrics for FAIRness},
  journal   = {Scientific data},
  volume    = {5},
  year      = {2018},
  doi       = {10.1038/sdata.2018.118},
  note      = {\url{https://doi.org/10.1038/sdata.2018.118}},
  url       = {https://doi.org/10.1038/sdata.2018.118},
  publisher = {Nature Publishing Group}
}

% online
@misc{fairmetrics,
  author  = {{{GO} {FAIR} {Metrics} {Group}}},
  title   = {{FAIR} Metrics},
  note    = {\url{http://fairmetrics.org/}},
  url     = {http://fairmetrics.org/},
  urldate = {2019-04-18}
}

@article{tennant2002,
  author     = {Roy Tennant},
  title      = {MARC must die},
  journal    = {Library Journal},
  volume     = {41},
  number     = {4},
  issue_date = {January/April 1984},
  year       = {2002},
  pages      = {185--194},
  note       = {\url{http://lj.libraryjournal.com/2002/10/ljarchives/marc-must-die/}},
  url        = {http://lj.libraryjournal.com/2002/10/ljarchives/marc-must-die/}
}

@article{thompson-traill2017,
  author     = {Kelly Thompson and Stacie Traill},
  title      = {Leveraging Python to improve ebook metadata selection, ingest, and management},
  journal    = {Code4Lib Journal},
  number     = {38},
  issue_date = {January/April 1984},
  year       = {2017},
  note       = {\url{http://journal.code4lib.org/articles/12828}},
  url        = {http://journal.code4lib.org/articles/12828}
}

@misc{smith2017,
  author = {Benjamin Smith},
  title  = {A brief visual history of MARC cataloging at the Library of Congress.},
  year   = {2017},
  note   = {\url{http://sappingattention.blogspot.de/2017/05/a-brief-visual-history-of-marc.html}},
  url    = {http://sappingattention.blogspot.de/2017/05/a-brief-visual-history-of-marc.html}
}

@manual{marc21,
  author = {{Library {of} Congress}},
  title  = {MARC 21 Format for Bibliographic Data.},
  year   = {2018},
  note   = {\url{https://www.loc.gov/marc/bibliographic/}},
  url    = {https://www.loc.gov/marc/bibliographic/}
}

@manual{marc21holdings2000,
  author = {{Library {of} Congress}},
  title  = {MARC 21 Format for Holdings Data.},
  year   = {2000},
  note   = {\url{https://www.loc.gov/marc/holdings/}},
  url    = {https://www.loc.gov/marc/holdings/}
}

@book{aacr2,
  author = {{{American Library Association}} and {Canadian Library Association} and 
            {Chartered Institute of Library {and} Information Professionals}},
  title  = {Anglo-American Cataloging Rules. 2nd edition},
  year   = {2005},
  publisher = {American Library Association},
  isbn   = {0838935559},
  note   = {\url{http://www.aacr2.org/}},
  url    = {http://www.aacr2.org/}
}

@manual{isbd,
  author = {{International Federation {of} Library Associations {and} Institutions (IFLA)}},
  title  = {International Standard Bibliographic Description.},
  year   = {2011},
  note   = {\url{http://www.ifla.org/files/assets/cataloguing/isbd/isbd-cons\_20110321.pdf}},
  url    = {http://www.ifla.org/files/assets/cataloguing/isbd/isbd-cons\_20110321.pdf}
}

@book{avram1975,
  author    = {Avram, Henriette D. and {Library of Congress}},
  title     = {MARC; its History and implications.},
  year      = {1975},
  publisher = {Library of Congress},
  note      = {\url{http://catalog.hathitrust.org/Record/002993527}},
  url       = {http://catalog.hathitrust.org/Record/002993527}
}

@inproceedings{moreux2016,
  author    = {Moreux, Jean-Philippe},
  title     = {Data Mining Historical Newspaper Metadata},
  year      = {2016},
  month     = {04},
  booktitle = {Proceedings of the IFLA International News Media Conference},
  note      = {\url{https://www.researchgate.net/publication/291833336_Data_Mining_Historical_Newspaper_Metadata}},
  url       = {https://www.researchgate.net/publication/291833336_Data_Mining_Historical_Newspaper_Metadata}
}

@phdthesis{nanni2017,
  author = {Nanni, Federico},
  title  = {The Web as a Historical Corpus: Collecting, Analysing and Selecting Sources on the Recent Past of Academic Institutions},
  school = {Università di Bologna},
  type   = {Dottorato di ricerca in Science, cognition and technology},
  year   = 2017,
  doi    = {10.6092/unibo/amsdottorato/7848},
  note   = {\url{http://amsdottorato.unibo.it/7848/}},
  url    = {http://amsdottorato.unibo.it/7848/}
}

@book{jockers2013,
  title     = {Macroanalysis: Digital methods and literary history},
  author    = {Jockers, Matthew L},
  year      = {2013},
  publisher = {University of Illinois Press},
  isbn      = {9780252037528},
  series    = {Topics in the Digital Humanities},
  pages     = {208}
}

@article{brown2016,
  author  = {Brown, Nicole M. and Mendenhall, Ruby and Black, Michael L. and
             Moer, Mark Van and Zerai, Assata and Flynn, Karen},
  title   = {Mechanized Margin to Digitized Center: Black Feminism's Contributions
             to Combatting Erasure within the Digital Humanities},
  journal = {International Journal of Humanities and Arts Computing},
  volume  = {10},
  number  = {1},
  pages   = {110-125},
  year    = {2016},
  doi     = {10.3366/ijhac.2016.0163},
  note    = {\url{https://doi.org/10.3366/ijhac.2016.0163}},
  url     = {https://doi.org/10.3366/ijhac.2016.0163},
  eprint  = {https://doi.org/10.3366/ijhac.2016.0163}
}

%% checkpint
@misc{santabarbarastatement2017,
  author = {{Collections as Data project team}},
  title  = {The {Santa} {Barbara} Statement on Collections as Data. v2},
  year   = {2017},
  note   = {\url{https://collectionsasdata.github.io/statement/}},
  url    = {https://collectionsasdata.github.io/statement/}
}

@article{bade2008,
  author  = {Bade, David},
  title   = {The Perfect Bibliographic Record: Platonic Ideal, Rhetorical Strategy or Nonsense?},
  journal = {Cataloging \& Classification Quarterly},
  volume  = {46},
  issn    = {0163-9374},
  note    = {\url{http://www.tandfonline.com/doi/abs/10.1080/01639370802183081}},
  url     = {http://www.tandfonline.com/doi/abs/10.1080/01639370802183081},
  doi     = {10.1080/01639370802183081},
  pages   = {109--133},
  number  = {1},
  year    = {2008}
}

@article{lahti2019,
  author  = {Leo Lahti and Jani Marjanen and Hege Roivainen and Mikko Tolonen},
  title   = {Bibliographic Data Science and the History of the Book (c. 1500–1800)},
  journal = {Cataloging \& Classification Quarterly},
  volume  = {57},
  number  = {1},
  pages   = {5-23},
  year    = {2019},
  publisher = {Routledge},
  doi     = {10.1080/01639374.2018.1543747},
  note    = {\url{https://doi.org/10.1080/01639374.2018.1543747}},
  url     = {https://doi.org/10.1080/01639374.2018.1543747},
  eprint  = {https://doi.org/10.1080/01639374.2018.1543747}
}

@inproceedings{suominen2012,
  author     = {Suominen, Osma and Hyvönen, Eero},
  title      = {Improving the Quality of {SKOS} Vocabularies with Skosify},
  location   = {Heidelberg},
  volume     = {7603},
  isbn       = {978-3-642-33876-2},
  note       = {\url{http://dx.doi.org/10.1007/978-3-642-33876-2_34}},
  url        = {http://dx.doi.org/10.1007/978-3-642-33876-2_34},
  doi        = {10.1007/978-3-642-33876-2_34},
  series     = {Lecture Notes in Computer Science},
  eventtitle = {Knowledge Engineering and Knowledge Management: 18th International Conference, {EKAW} 2012},
  pages      = {383--397},
  booktitle  = {Knowledge Engineering and Knowledge Management: 18th International Conference, {EKAW} 2012,
                Galway City, Ireland, October 8-12, 2012.},
  publisher  = {Springer},
  editor     = {ten Teije, Annette},
  year       = {2012}
}

@manual{canali2017,
  author = {Luca Canali},
  title  = {Apache Spark Performance Troubleshooting at Scale, Challenges, Tools, and Methods},
  month  = oct,
  year   = 2017,
  note   = {\url{https://www.youtube.com/watch?v=JoQ8m-kM\_ZY}},
  url    = {https://www.youtube.com/watch?v=JoQ8m-kM\_ZY}
}

@manual{spark-taskmetrics,
  author = {{Apache Spark committers}},
  title  = {Source code of Apache Spark's TaskMetrics class},
  note   = {\url{https://github.com/apache/spark/blob/master/core/src/main/scala/org/apache/spark/executor/TaskMetrics.scala}},
  url    = {https://github.com/apache/spark/blob/master/core/src/main/scala/org/apache/spark/executor/TaskMetrics.scala}
}

@manual{spark-accumulators,
  title  = {Accumulators (in Apache Spark documentation)},
  author = {{Apache Software Foundation}},
  note   = {\url{https://spark.apache.org/docs/latest/rdd-programming-guide.html\#accumulators}},
  url    = {https://spark.apache.org/docs/latest/rdd-programming-guide.html\#accumulators}
}

@manual{zotero-bibliography,
  author = {{Metadata Assesment Group in Zotero}},
  title  = {Metadata assessment. A bibliography},
  note   = {\url{https://www.zotero.org/groups/488224/metadata\_assessment}},
  url    = {https://www.zotero.org/groups/488224/metadata\_assessment}
}

@article{meyer2016,
  author  = {Meyer, Eric T. and Eccles, Kathryn},
  title   = {The Impacts of Digital Collections: Early English Books Online \& House of Commons Parliamentary Papers},
  journal = {SSRN Electronic Journal},
  year    = {2016},
  month   = mar,
  doi     = {10.2139/ssrn.2740299},
  note    = {\url{http://dx.doi.org/10.2139/ssrn.2740299}},
  url     = {http://dx.doi.org/10.2139/ssrn.2740299}
}

@article{lee2002,
  author  = {Yang W. Lee and Diane M. Strong and Beverly K. Kahn and Richard Y. Wang},
  title   = {{AIMQ}: A methodology for information quality assessment},
  journal = {Information \& Management},
  volume  = {40},
  number  = {2},
  year    = {2002},
  pages   = {133--146},
  issn    = {0378-7206},
  doi     = {10.1016/S0378-7206(02)00043-5},
}

@techreport{framework2007,
  author  = {{National Information Standards Organization (NISO)}},
  title   = {A Framework of Guidance for Building Good Digital Collections. 3rd ed.},
  year    = {2007},
  location = {Baltimore, USA},
  institution = {NISO},
  isbn    = {978-1-880124-74-1},
  note    = {\url{https://www.niso.org/sites/default/files/2017-08/framework3.pdf}},
  url     = {https://www.niso.org/sites/default/files/2017-08/framework3.pdf}
}

@article{groskopf2015,
  author = {Groskopf, Christopher},
  title  = {The Quartz guide to bad data},
  note   = {\url{https://qz.com/572338/the-quartz-guide-to-bad-data/}},
  url    = {https://qz.com/572338/the-quartz-guide-to-bad-data/},
  journal = {Quartz}, 
  year   = {2015}
}

@inproceedings{kiraly2018,
  author = {Király, Péter and Büchler, Marco},
  title = {Measuring completeness as metadata quality metric in Europeana},
  isbn = {978-1-5386-5035-6},
  note = {\url{https://ieeexplore.ieee.org/abstract/document/8622487}},
  url = {https://ieeexplore.ieee.org/abstract/document/8622487},
  doi = {10.1109/BigData.2018.8622487},
  eventtitle = {2018 {IEEE} International Conference on Big Data (Big Data), Seattle, 10-13 Dec. 2018},
  pages = {2711--2720},
  booktitle = {2018 {IEEE} International Conference on Big Data (Big Data)},
  publisher = {{IEEE}},
  date = {2018},
  year = {2018}
}


@article{fowler2018,
	title = {Frictionless {Data}: {Making} {Research} {Data} {Quality} {Visible}},
	volume = {12},
	issn = {1746-8256},
	shorttitle = {Frictionless {Data}},
	note = {\url{http://www.ijdc.net/article/view/577}},
	url = {http://www.ijdc.net/article/view/577},
	doi = {10.2218/ijdc.v12i2.577},
	number = {2},
	urldate = {2018-06-11},
	journal = {International Journal of Digital Curation},
	author = {Fowler, Dan and Barratt, Jo and Walsh, Paul},
	month = may,
	year = {2018},
	pages = {274--285}
}

@article{khan2018,
  title={Digitization of Cultural Heritage: Global Initiatives, Opportunities and Challenges},
  author={Khan, Nadim Akhtar and Shafi, SM and Ahangar, Humma},
  journal={Journal of Cases on Information Technology (JCIT)},
  volume={20},
  number={4},
  pages={1--16},
  year={2018},
  publisher={IGI Global}
}

% Harvey, L. (2004). Analytic Quality Glossary. Quality Research International. http://www.qualityresearchinternational.com/glossary/ 